@comment{This file has been generated by Pybliographer}


@Misc{CGM02,
  Author         = {Crespo, A. and Garcia-Molina, H.},
  Title          = "Semantic Overlay Networks for P2P Systems",
  text           = "A. Crespo and H. Garcia-Molina. Semantic overlay
                   networks for p2p systems. Technical report, Computer
                   Science Department, Stanford University, October 2002.",
  year           = 2002
}

@Book{BHG87,
  Author         = {Bernstein, Ph.A. and Hadzilacos, V. and Goodman, N.},
  Title          = {Concurrency Control and Recovery in Database Systems},
  Publisher      = {Addison-Wesley},
  bibsource      = {DBLP, http://dblp.uni-trier.de},
  isbn           = {0-201-10715-5},
  year           = 1987
}

@InProceedings{PL91,
  Author         = "Pu, C. and Leff, A.",
  Title          = "Replica Control in Distributed Systems: An
                   Asynchronous Approach",
  BookTitle      = "{SIGMOD} Conference",
  Pages          = "377-386",
  url            = {file:///home/dank/uni/promotion/doc/Replica Control in
                   Distributed Systems: An Asynchronous Approach.pdf},
  year           = 1991
}


