@book{Bacher.2002,
 author = {Bacher, Johann},
 year = {2002},
 title = {Clusteranalyse: Anwendungsorientierte Einführung},
 price = {DM 49.80, S 369.00, sfr 49.80},
 address = {München},
 edition = {2., erg. Aufl., [Nachdr.]},
 publisher = {Oldenbourg},
 isbn = {3-486-23760-8}
}


@book{Bacher.2010,
 author = {Bacher, Johann and Pöge, Andreas and Wenzig, Knut},
 year = {2010},
 title = {Clusteranalyse: Anwendungsorientierte Einführung in Klassifikationsverfahren},
 url = {\url{http://deposit.d-nb.de/cgi-bin/dokserv?id=3064245&prov=M&dok_var=1&dok_ext=htm}},
 price = {EUR 39.80},
 keywords = {Clusteranalyse;Cluster-Analyse;Lineare Algebra;Mathematische Statistik;Numerische Mathematik;Theorie},
 address = {München},
 edition = {3., erg., vollst. überarb. und neu gestaltete Aufl.},
 publisher = {Oldenbourg},
 isbn = {9783486710236}
}


@book{Backhaus.2016,
 abstract = {Dieses Lehrbuch behandelt neun grundlegende Verfahren der multivariaten Datenanalyse in ausführlicher Weise. Dies sind die: -~~~~~~~~~ Regressionsanalyse -~~~~~~~~~ Zeitreihenanalyse -~~~~~~~~~ Varianzanalyse -~~~~~~~~~ Diskriminanzanalyse -~~~~~~~~~ Logistische Regression -~~~~~~~~~ Kontingenzanalyse -~~~~~~~~~ Faktorenanalyse -~~~~~~~~~ Clusteranalyse und -~~~~~~~~~ Conjoint-Analyse. Das Buch stellt geringstmögliche Anforderungen an mathematische Vorkenntnisse und bietet eine allgemein verständliche Darstellung anhand eines für alle Methoden verwendeten Fallbeispiels unter Verwendung von IBM SPSS für Windows. Die Autoren legen Wert auf konsequente Anwendungsorientierung und~ vollständige Nachvollziehbarkeit der zentralen Rechenoperationen durch den Leser. Jedes Verfahren kann unabhängig für sich durchgeführt werden.~ Ein besonderes Augenmerk liegt auf dem Aufzeigen von methodenbedingten Manipulationsspielräumen. Darüber hinaus werden jeweils in Form einer kurzen Einführung die Problemstellungen und Vorgehensweisen von sieben weiteren Verfahren (Nichtlineare Regression, Strukturgleichungsmodelle, Konfirmatorische Faktorenanalyse, Neuronale Netze, Multidimensionale Skalierung, Korrespondenzanalyse und Auswahlbasierte Conjoint-Analyse) dargestellt. Diese werden in dem vertiefenden Band „Fortgeschrittene Multivariate Analyseverfahren“ ausführlich behandelt. Der vorliegende Band richtet sich primär an die Zie lgruppe der Bachelor-Studierenden aller Fachrichtungen. Die Beispiele sind zwar aus dem Marketing-Bereich entnommen, die Darstellungen aber so einfach gehalten, dass die Verfahren sich leicht auf spezifische Fragen und Probleme in den unterschiedlichsten Anwendungsfeldern übertragen lassen. Über die Internetseite www.multivariate.de werden den Leserinnen und Lesern weitere Serviceleistungen zur Verfügung gestellt. In der 14. Auflage wurden alle Kapitel überarbeitet.~ Beispiele, soweit sie mit SPSS gerechnet wurden, sind auf die neueste SPSS-Version umgestellt worden ~und neue für den anwendungsorientierten Nutzer sinnvolle Auswertungsoptionen wurden ergänzt. Anlässlich des 50. Kongresses der Deutschen Marktforschung des Berufsverbandes Deutscher Markt- und Sozialforscher e. V. (BVM) wurde das vorliegende Buch~als das Lehrbuch ausgezeichnet, das die deutsche Marktforschungspraxis in den letzten Jahrzehnten nachhaltig~geprägt hat},
 author = {Backhaus, Klaus and Erichson, Bernd and Plinke, Wulff and Weiber, Rolf},
 year = {2016},
 title = {Multivariate Analysemethoden: Eine anwendungsorientierte Einführung},
 url = {\url{http://dx.doi.org/10.1007/978-3-662-46076-4}},
 address = {Berlin and Heidelberg},
 edition = {14., überarbeitete und aktualisierte Auflage},
 publisher = {{Springer Gabler}},
 isbn = {978-3-662-46075-7},
 doi = {\url{10.1007/978-3-662-46076-4}}
}


@book{Bankhofer.2008,
 author = {Bankhofer, Udo and Vogel, Jürgen},
 year = {2008},
 title = {Datenanalyse und Statistik: Eine Einführung für Ökonomen im Bachelor ; [Bachelor geeignet!]},
 price = {kart. : EUR 24.90},
 keywords = {Datenanalyse},
 address = {Wiesbaden},
 edition = {1. Aufl.},
 publisher = {Gabler},
 isbn = {3834904341},
 series = {Lehrbuch}
}


@book{Bock.1974,
 author = {Bock, Hans Hermann},
 year = {1974},
 title = {Automatische Klassifikation: Theoretische und praktische Methoden zur Gruppierung und Strukturierung von Daten ; (Cluster-Analyse)},
 price = {DM 108.00},
 address = {Göttingen},
 volume = {24},
 publisher = {{Vandenhoeck {\&} Ruprecht}},
 isbn = {3-525-40130-2},
 series = {Studia mathematica}
}


@book{Clarke.2009,
 author = {Clarke, Bertrand and Fokoue, Ernest and Zhang, Hao Helen},
 year = {2009},
 title = {Principles and Theory for Data Mining and Machine Learning},
 price = {GB. : ca. EUR 65.91 (freier Pr.), ca. sfr 102.50 (freier Pr.)},
 address = {New York, NY},
 edition = {1. Aufl.},
 publisher = {{Springer New York}},
 isbn = {9780387981345},
 series = {Springer Series in Statistics}
}


@book{Eckey.2002,
 abstract = {In dem Lehrbuch werden Verfahren der multivariaten Statistik anwendungsorientiert und verständlich vermittelt. Anhand von Beispielen aus der Ökonomie kann der Leser die vorgestellten Methoden schrittweise und anschaulich nachvollziehen. Mit Hilfe des Programmpakets SPSS wird die sachgerechte Anwendung multivariater Verfahren illustriert. Speziell behandelt die \"Multivariate Statistik\" merkmalsorientierte Verfahren wie die Faktoren-, Varianz- und Kanonische Korrelationsanalyse. Die Clusteranalyse und die Diskriminanzanalyse werden als objektorientierte Verfahren vorgestellt. Methodik, Rechentechnik und Interpretation werden miteinander verknüpft und didaktisch verständlich aufbereitet. Die \"Multivariate Statistik\" wendet sich an Studenten und Dozenten der Wirtschafts- und Sozialwissenschaften mit den Schwerpunkten Statistik, Empirische Wirtschafts- und Sozialforschung sowie Marktforschung. Der Marktforscher und der empirisch arbeitende Wirtschafts- und Sozialforscher finden in dem Lehrbuch ein Spektrum der wichtigsten multivariaten Verfahren vor},
 author = {Eckey, Hans-Friedrich and Kosfeld, Reinhold and Rengers, Martina},
 year = {2002},
 title = {Multivariate Statistik: Grundlagen - Methoden - Beispiele},
 url = {\url{http://dx.doi.org/10.1007/978-3-322-84476-7}},
 address = {Wiesbaden},
 publisher = {{Gabler Verlag}},
 isbn = {3-409-11969-8},
 doi = {\url{10.1007/978-3-322-84476-7}}
}


@book{Everitt.2011,
 abstract = {\"This edition provides a thorough revision of the fourth edition which focuses on the practical aspects of cluster analysis and covers new methodology in terms of longitudinal data and provides examples from bioinformatics. Real life examples are used throughout to demonstrate the application of the theory, and figures are used extensively to illustrate graphical techniques. This book includes an appendix of getting started on cluster analysis using R, as well as a comprehensive and up-to-date bibliography.\"--

\"This edition provides a thorough revision of the fourth edition which focuses on the practical aspects of cluster analysis and covers new methodology in terms of longitudinal data and provides examples from bioinformatics\"--

\"This edition provides a thorough revision of the fourth edition which focuses on the practical aspects of cluster analysis and covers new methodology in terms of longitudinal data and provides examples from bioinformatics. Real life examples are used throughout to demonstrate the application of the theory, and figures are used extensively to illustrate graphical techniques. This book includes an appendix of getting started on cluster analysis using R, as well as a comprehensive and up-to-date bibliography.\"--},
 author = {Everitt, Brian S.},
 year = {2011},
 title = {Cluster analysis},
 url = {\url{http://lib.myilibrary.com/detail.asp?id=367872}},
 address = {Chichester},
 edition = {5. ed.},
 publisher = {Wiley},
 isbn = {978-0-470-74991-3},
 series = {Wiley series in probability and statistics}
}


@book{Gordon.1999,
 author = {Gordon, Allan D.},
 year = {1999},
 title = {Classification},
 url = {\url{http://www.loc.gov/catdir/enhancements/fy0738/99025287-d.html}},
 address = {Boca Raton, Fla.},
 edition = {2. ed.},
 volume = {82},
 publisher = {{Chapman {\&} Hall/CRC}},
 isbn = {1-58488-013-9},
 series = {Monographs on statistics and applied probability}
}


@book{Klemm.1995,
 author = {Klemm, Elmar},
 year = {1995},
 title = {Das Problem der Distanzbindungen in der hierarchischen Clusteranalyse: Zugl.: Berlin, Techn. Univ., Diss., 1995},
 price = {ca. DM 69.00 (freier Pr.)},
 address = {Frankfurt am Main},
 volume = {271},
 publisher = {Lang},
 isbn = {3-631-48860-2},
 series = {Europäische Hochschulschriften Reihe 22, Soziologie}
}


@book{Pedrycz.2010,
 abstract = {\"This is must reading for researchers, professionals, and students interested in clustering, fuzzy clustering, unsupervised learning, neural networks, fuzzy sets, pattern recognition, and system modeling. With the author's emphasis on mastering the prerequisites, coupled with carefully constructed practical examples and experiments, readers will be well on their way to becoming knowledge-based clustering experts themselves.\"--Jacket},
 author = {Pedrycz, Witold},
 year = {2010},
 title = {Knowledge-based clustering: From data to information granules},
 url = {\url{http://search.ebscohost.com/login.aspx?direct=true&scope=site&db=nlebk&db=nlabk&AN=131762}},
 address = {Hoboken, N.J},
 publisher = {Wiley},
 isbn = {0471469661}
}


@book{Piegorsch.2015,
 abstract = {A comprehensive introduction to statistical methods for data mining and knowledge discovery.Applications of data mining and 'big data' increasingly take center stage in our modern, knowledge-driven society, supported by advances in computing power, automated data acquisition, social media development and interactive, linkable internet software.  This book presents a coherent, technical introduction to modern statistical learning and analytics, starting from the core foundations of statistics and probability. It includes an overview of probability and statistical distributions, basic},
 author = {Piegorsch, Walter W.},
 year = {2015},
 title = {Statistical data analytics: Foundations for data mining, informatics, and knowledge discovery},
 url = {\url{http://search.ebscohost.com/login.aspx?direct=true&scope=site&db=nlebk&AN=1014320}},
 address = {Chichester, West Sussex},
 publisher = {Wiley},
 isbn = {978-1-118-61965-0}
}


@article{Punj.1983,
 abstract = {s 134-148},
 author = {Punj, Girish and Stewart, David W.},
 year = {1983},
 title = {Cluster analysis in marketing research: Review and suggestions for application},
 keywords = {Marketing},
 pages = {134--148},
 pagination = {page},
 volume = {20},
 number = {2},
 journal = {Journal of marketing research : JMR}
}


@book{Wu.2004,
 year = {2004},
 title = {Clustering and information retrieval},
 url = {\url{http://www.loc.gov/catdir/enhancements/fy0822/2003062061-d.html}},
 address = {Norwell, Mass.},
 volume = {11},
 publisher = {{Kluwer Acad. Publ}},
 isbn = {1-4020-7682-7},
 series = {Network theory and applications},
 editor = {Wu, Weili and Xiong, Hui and Shekhar, Shashi}
}


@book{Xu.1999,
 author = {Xu, Xiaowei},
 year = {1999},
 title = {Efficient clustering for knowledge discovery in spatial databases: Zugl.: München, Univ., Diss., 1998},
 price = {DM 94.00, S 659.00, sfr 94.00},
 address = {Aachen},
 edition = {Als Ms. gedr},
 publisher = {Shaker},
 isbn = {3-8265-4760-8},
 series = {Berichte aus der Informatik}
}


@book{Schulz.1998,
 author = {Schulz, Tanja Marlen},
 year = {1998},
 title = {Klassifikation und Typologisierung von Fernsehwerbespots: Theoretisch fundierte Modellbildung und empirische Anwendung: Zugl.: Magdeburg, Univ., Fak. für Wirtschaftswiss., Diss., 1996},
 price = {DM 84.00, sfr 76,44, S 630,39},
 address = {Lohmar},
 volume = {3},
 publisher = {Eul},
 isbn = {3-89012-592-1},
 series = {Reihe}
}


@book{Weihs.2005,
 abstract = {Covers research results in classification, clustering, and data analysis. Besides the theoretical analysis, these papers focus on various application fields as archaeology, astronomy, bio-sciences, business, electronic data and web, finance and insurance, library science and linguistics, marketing, music science, and quality assurance

The contributions in this volume represent the latest research results in the field of classification, clustering, and data analysis. Besides the theoretical analysis, papers focus on various application fields as archaeology, astronomy, bio-sciences, business, electronic data and web, finance and insurance, library science and linguistics, marketing, music science, and quality assurance.},
 author = {Weihs, Claus and Gaul, Wolfgang},
 year = {2005},
 title = {Classification: The Ubiquitous Challenge},
 url = {\url{http://search.ebscohost.com/login.aspx?direct=true&scope=site&db=nlebk&db=nlabk&AN=145170}},
 address = {s.l.},
 edition = {1. Aufl.},
 publisher = {Springer-Verlag},
 isbn = {3-540-25677-6},
 series = {Proceedings of the 28th Annual Conference of the Gesellschaft Fur Klassifikation E.V., University of Dortmund, March 9-11, 2004}
}


